%% start of file `publications.bib'.
%% Copyright 2006-2012 Xavier Danaux (xdanaux at gmail.com).
%
% This work may be distributed and/or modified under the
% conditions of the LaTeX Project Public License version 1.3c,
% available at http://www.latex-project.org/lppl/.


@article{bhattacharya_operator_2022,
	title = {Operator growth and {Krylov} construction in dissipative open quantum systems},
	volume = {2022},
	issn = {1029-8479},
	url = {https://doi.org/10.1007/JHEP12(2022)081},
	doi = {10.1007/JHEP12(2022)081},
	abstract = {Inspired by the universal operator growth hypothesis, we extend the formalism of Krylov construction in dissipative open quantum systems connected to a Markovian bath. Our construction is based upon the modification of the Liouvillian superoperator by the appropriate Lindbladian, thereby following the vectorized Lanczos algorithm and the Arnoldi iteration. This is well justified due to the incorporation of non-Hermitian effects due to the environment. We study the growth of Lanczos coefficients in the transverse field Ising model (integrable and chaotic limits) for boundary amplitude damping and bulk dephasing. Although the direct implementation of the Lanczos algorithm fails to give physically meaningful results, the Arnoldi iteration retains the generic nature of the integrability and chaos as well as the signature of non-Hermiticity through separate sets of coefficients (Arnoldi coefficients) even after including the dissipative environment. Our results suggest that the Arnoldi iteration is meaningful and more appropriate in dealing with open systems.},
	language = {en},
	number = {12},
	urldate = {2023-06-02},
	journal = {Journal of High Energy Physics},
	author = {Bhattacharya, Aranya and Nandy, Pratik and Nath, Pingal Pratyush and Sahu, Himanshu},
	month = dec,
	year = {2022},
	keywords = {Field Theories in Lower Dimensions, Holography and Condensed Matter Physics (AdS/CMT), Integrable Field Theories},
	pages = {81},
}


%% end of file `publications.bib'.
